<?xml version="1.0" encoding="UTF-8"?>
  <record xmlns="http://www.loc.gov/MARC21/slim" type="Authority">
    <leader>00000nz  a2200000nc 4500</leader>
    <controlfield tag="001">122706722</controlfield>
    <controlfield tag="003">DE-101</controlfield>
    <controlfield tag="005">20161220120131.0</controlfield>
    <controlfield tag="008">010213n||aznnnaabn           | aaa    |c</controlfield>
    <datafield tag="024" ind1="7" ind2=" ">
      <subfield code="a">122706722</subfield>
      <subfield code="0">http://d-nb.info/gnd/122706722</subfield>
      <subfield code="2">gnd</subfield>
    </datafield>
    <datafield tag="035" ind1=" " ind2=" ">
      <subfield code="a">(DE-101)122706722</subfield>
    </datafield>
    <datafield tag="035" ind1=" " ind2=" ">
      <subfield code="a">(DE-588)122706722</subfield>
    </datafield>
    <datafield tag="035" ind1=" " ind2=" ">
      <subfield code="z">(DE-588)1090214391</subfield>
    </datafield>
    <datafield tag="035" ind1=" " ind2=" ">
      <subfield code="z">(DE-588a)122706722</subfield>
      <subfield code="9">v:zg</subfield>
    </datafield>
    <datafield tag="040" ind1=" " ind2=" ">
      <subfield code="a">DE-12</subfield>
      <subfield code="c">DE-12</subfield>
      <subfield code="9">r:DE-12</subfield>
      <subfield code="b">ger</subfield>
      <subfield code="d">1601</subfield>
    </datafield>
    <datafield tag="042" ind1=" " ind2=" ">
      <subfield code="a">gnd1</subfield>
    </datafield>
    <datafield tag="075" ind1=" " ind2=" ">
      <subfield code="b">p</subfield>
      <subfield code="2">gndgen</subfield>
    </datafield>
    <datafield tag="075" ind1=" " ind2=" ">
      <subfield code="b">piz</subfield>
      <subfield code="2">gndspec</subfield>
    </datafield>
    <datafield tag="079" ind1=" " ind2=" ">
      <subfield code="a">g</subfield>
      <subfield code="q">a</subfield>
      <subfield code="q">f</subfield>
    </datafield>
    <datafield tag="100" ind1="1" ind2=" ">
      <subfield code="a">Vollenweider, Jakob</subfield>
      <subfield code="d">1594-1647</subfield>
    </datafield>
    <datafield tag="400" ind1="1" ind2=" ">
      <subfield code="a">Vollenweiderus, Jacobus</subfield>
      <subfield code="d">1594-1647</subfield>
    </datafield>
    <datafield tag="400" ind1="1" ind2=" ">
      <subfield code="a">Vollenvveiderus, Jacobus</subfield>
      <subfield code="d">1594-1647</subfield>
    </datafield>
    <datafield tag="400" ind1="1" ind2=" ">
      <subfield code="a">Vollenweider, Jacob</subfield>
      <subfield code="d">1594-1647</subfield>
    </datafield>
    <datafield tag="400" ind1="1" ind2=" ">
      <subfield code="a">Vollenweider, Hans Jakob</subfield>
      <subfield code="c">Pfarrer in Wädenswil</subfield>
      <subfield code="d">1594-1647</subfield>
    </datafield>
    <datafield tag="400" ind1="1" ind2=" ">
      <subfield code="a">Vollenweider, Hans Jacob</subfield>
      <subfield code="c">Pfarrer in Wädenswil</subfield>
      <subfield code="d">1594-1647</subfield>
    </datafield>
    <datafield tag="400" ind1="1" ind2=" ">
      <subfield code="a">Vollenweider, Jakob</subfield>
      <subfield code="c">Pfarrer in Wädenswil</subfield>
      <subfield code="d">1594-1647</subfield>
    </datafield>
    <datafield tag="400" ind1="1" ind2=" ">
      <subfield code="a">Vollenweider, Jacob</subfield>
      <subfield code="c">Pfarrer in Wädenswil</subfield>
      <subfield code="d">1594-1647</subfield>
    </datafield>
    <datafield tag="400" ind1="1" ind2=" ">
      <subfield code="a">Vollenweider, Johann Jakob</subfield>
      <subfield code="c">Pfarrer in Wädenswil</subfield>
      <subfield code="d">1594-1647</subfield>
    </datafield>
    <datafield tag="400" ind1="1" ind2=" ">
      <subfield code="a">Vollenweider, Johann Jacob</subfield>
      <subfield code="c">Pfarrer in Wädenswil</subfield>
      <subfield code="d">1594-1647</subfield>
    </datafield>
    <datafield tag="400" ind1="1" ind2=" ">
      <subfield code="a">Vollenweider, Johann Jakob</subfield>
      <subfield code="d">1594-1647</subfield>
    </datafield>
    <datafield tag="548" ind1=" " ind2=" ">
      <subfield code="a">1594-1647</subfield>
      <subfield code="4">datl</subfield>
      <subfield code="4">https://d-nb.info/standards/elementset/gnd#dateOfBirthAndDeath</subfield>
      <subfield code="w">r</subfield>
      <subfield code="i">Lebensdaten</subfield>
    </datafield>
    <datafield tag="550" ind1=" " ind2=" ">
      <subfield code="0">(DE-101)041325923</subfield>
      <subfield code="0">(DE-588)4132592-8</subfield>
      <subfield code="0">https://d-nb.info/gnd/4132592-8</subfield>
      <subfield code="a">Pfarrer</subfield>
      <subfield code="4">berc</subfield>
      <subfield code="4">https://d-nb.info/standards/elementset/gnd#professionOrOccupation</subfield>
      <subfield code="w">r</subfield>
      <subfield code="i">Charakteristischer Beruf</subfield>
    </datafield>
    <datafield tag="551" ind1=" " ind2=" ">
      <subfield code="0">(DE-101)940832259</subfield>
      <subfield code="0">(DE-588)4336376-3</subfield>
      <subfield code="0">https://d-nb.info/gnd/4336376-3</subfield>
      <subfield code="a">Maschwanden</subfield>
      <subfield code="4">ortg</subfield>
      <subfield code="4">https://d-nb.info/standards/elementset/gnd#placeOfBirth</subfield>
      <subfield code="w">r</subfield>
      <subfield code="i">Geburtsort</subfield>
    </datafield>
    <datafield tag="551" ind1=" " ind2=" ">
      <subfield code="0">(DE-101)042368332</subfield>
      <subfield code="0">(DE-588)4236833-9</subfield>
      <subfield code="0">https://d-nb.info/gnd/4236833-9</subfield>
      <subfield code="a">Flaach</subfield>
      <subfield code="4">orts</subfield>
      <subfield code="4">https://d-nb.info/standards/elementset/gnd#placeOfDeath</subfield>
      <subfield code="w">r</subfield>
      <subfield code="i">Sterbeort</subfield>
    </datafield>
    <datafield tag="667" ind1=" " ind2=" ">
      <subfield code="a">VD-17</subfield>
    </datafield>
    <datafield tag="667" ind1=" " ind2=" ">
      <subfield code="a">Quelle: DNB-Normdaten, Info: Lebensdaten, 1594-1647</subfield>
    </datafield>
    <datafield tag="667" ind1=" " ind2=" ">
      <subfield code="a">MMm</subfield>
    </datafield>
    <datafield tag="670" ind1=" " ind2=" ">
      <subfield code="a">IBI</subfield>
    </datafield>
    <datafield tag="670" ind1=" " ind2=" ">
      <subfield code="a">Zürcher Pfarrerbuch, 1953, S. 589/590</subfield>
    </datafield>
    <datafield tag="670" ind1=" " ind2=" ">
      <subfield code="a">Thurgauer Pfarrerbuch, 1863, S. 140</subfield>
    </datafield>
    <datafield tag="670" ind1=" " ind2=" ">
      <subfield code="a">Stemmatologia Tigurina / Erhard Dürsteler. Band 8, S. 234r</subfield>
    </datafield>
    <datafield tag="672" ind1=" " ind2="0">
      <subfield code="a">Lavater, Johann Rudolf: Disputationum Logicarum I. Quae Est De Natura Logicae in Genere. - 1614</subfield>
    </datafield>
    <datafield tag="678" ind1=" " ind2=" ">
      <subfield code="b">aus Zürich; Respondent in in Zürich</subfield>
    </datafield>
    <datafield tag="678" ind1=" " ind2=" ">
      <subfield code="b">Pfarrer</subfield>
    </datafield>
    <datafield tag="678" ind1=" " ind2=" ">
      <subfield code="a">Internet (Stand: 20.12.2016)</subfield>
      <subfield code="b">Studium in Zürich ZH (Veröffentlichung bei http://www.e-rara.ch/zuz/content/titleinfo/4176364: Disputationum logicarum I : quae est de natura logicae in genere / quam bono cum Deo praeside ... Ioan. Rodolpho Lavatero ... defendere adnitentur ad diem 9. Iulii Iacobus Vollenweiderus, Tigurinus, et Georgius Ienatius, Engadino-Rhaetus ... horis locoque solitis, Zürich 1614). Ordiniert 1615. "Herr" (1615). Pfarrer in Berlingen TG 1616/25, Wädenswil ZH 1625/47 und Flaach ZH Mai 1647. Veröffentlichungen: Enodatio problematis, an ecclesia Dei militans improborum admixtione vacare possit? : Donatistarum redivivorum nugamentis obiecta, &amp; ut, ad diem 23. Octob. in publica syzētēsei ... excutiatur / proposita ab Henrico Ernio S. Th. P. ; in qua respondebit Iacobus Vollenveiderus, Ecclesiae Berlinganae ad lacum Venetum minister; assumente Christophoro Tubenmanno ..., Zürich 1616; Trostschrifft vom Todt darinnen mit gantz beweglichen Gründen dargethan und erwiesen wirdt, das ein gleübiger Mensch in Todsgfahren gar nicht verzagt seyn, sonder vielmehr dapfer, frölich und hertzhafft, wenn und wie Gott wil, sterben sölle und könne : zu dieser sehr schweren und betrübten Zeit sonderbar. War mit Elisabeth Binder (vor 1601-nach 1615) verheiratet</subfield>
      <subfield code="u">http://sehum.selfhost.eu/201606/vf3_surn.html</subfield>
    </datafield>
    <datafield tag="913" ind1=" " ind2=" ">
      <subfield code="S">pnd</subfield>
      <subfield code="i">a</subfield>
      <subfield code="a">Vollenweider, Jakob</subfield>
      <subfield code="0">(DE-588a)122706722</subfield>
    </datafield>
  </record>
